<?xml version="1.0" encoding="UTF-8"?><collection xmlns="http://www.loc.gov/MARC21/slim"><record><leader>00452nam--2200145-i-4500</leader><controlfield tag="001">000007527</controlfield><controlfield tag="002">20161230</controlfield><controlfield tag="005">20161230201027</controlfield><controlfield tag="008">060222s1000------------r-----000-0-eng-d</controlfield><datafield ind1=" " ind2=" " tag="080"><subfield code="a">539.171.2(047.1:083.5):621.384.634.3(047.1:083 .5)</subfield></datafield><datafield ind1=" " ind2=" " tag="100"><subfield code="a">Catana, D. Und Deberth, C</subfield></datafield><datafield ind1=" " ind2=" " tag="245"><subfield code="a">Das schiffbremsspektrum. vortrag beim 3 intern ationalen betatronkonkolloquim, jena 1964</subfield></datafield><datafield ind1=" " ind2=" " tag="260"><subfield code="a">Bucuresti, I.F.A., 1964. 94 P</subfield></datafield><datafield ind1=" " ind2=" " tag="490"><subfield code="a">M 35</subfield></datafield><datafield ind1=" " ind2=" " tag="852"><subfield code="a">23455</subfield></datafield></record></collection>